1920 3361
711 258 934 300 -13—

160 387 262 430 dum
289 400 406 428 sensu
433 382 633 430 sumitur,
666 387 709 420 ut
738 375 971 421 Demoslh.
1000 377 1060 416 ‹le'
1086 373 1287 416 Cher-son
1325 386 1367 426 p.
1384 369 1485 412 903.

158 466 242 509 ἔδει
273 467 377 518 μὲν,
410 456 441 501 ὦ
472 456 620 510 ἄνδρες
652 457 917 509 Ἀθηναῖοι,
950 451 1042 499 τούς
1072 450 1268 501 λέγοντα,-
1291 451 1486 492 ἅπαντας

160 544 206 583 ἐν
250 544 347 593 ἡμῖν
388 541 485 589 μήτε
525 535 626 586 πρὸς
667 533 826 586 ἔχθραν
874 535 1087 572 ποιεῖσθαι
1129 524 1250 575 λόγον
1288 522 1448 577 μηδένα
1475 552 1485 569 ,

162 618 262 668 μήτε
291 614 391 666 πρὸς
422 614 554 666 χάριν.
631 606 752 646 Slob.
787 604 948 661 Eclog.
988 618 1034 659 p.
1075 600 1170 644 183.
1211 601 1413 652 αὐστηρόν
1444 613 1487 637 τε

159 686 358 738 λέγεσθαι
388 686 460 726 τὸν
491 682 742 729 σπουδαῖον,
779 682 879 723 καθ’
900 681 994 722 ὅσον
1041 681 1131 720 οὔτε
1159 674 1379 729 προσφέρει
1406 674 1492 714 τινὶ

160 764 252 804 οὔτε
267 762 480 815 προσίεται
507 761 578 800 τὸν
606 759 707 811 πρὸς
736 763 852 812 χάριν
876 755 1012 806 λόγον.
1061 750 1199 809 Soph.
1218 749 1342 790 Phil.
1364 745 1487 788 1156.

160 842 263 891 πρὸς
296 841 414 891 χάριν
459 836 542 876 τινὶ
580 832 729 884 λέγειν.
800 830 960 883 Anlc'g.
996 827 1067 869 30.
1139 824 1297 867 Eadem
1328 835 1487 879 prope-

161 909 338 952 modum
366 907 529 948 ratione
548 904 846 961 accipiendum
874 909 934 944 est
951 906 1051 956 πρὸς
1078 901 1234 955 ἡδονὴν
1252 933 1263 951 ,
1296 911 1385 954 quo
1414 910 1486 937 va-

160 986 219 1026 let
245 985 319 1024 lat.
349 988 526 1039 sponte.
569 980 758 1036 Alciphr.
790 980 868 1036 Ep.
896 979 973 1021 111.
1003 979 1043 1019 6.
1088 979 1257 1020 Αηιόη.
1286 974 1487 1017 Lz'beral.

163 1073 202 1101 c·
230 1058 300 1100 20.
344 1057 540 1098 Arislc'cl.
573 1056 660 1112 Ep.
686 1057 720 1097 Ι.
756 1057 772 1096 1
799 1061 840 1096 et
870 1055 934 1095 13.
967 1052 1031 1095 Cf.
1057 1053 1231 1095 Dorvill.
1258 1052 1313 1094 ad
1345 1051 1485 1094 Char.

162 1152 207 1192 p.
235 1134 335 1177 554.
396 1132 584 1173 Brunck.
619 1131 675 1172 ad
707 1131 854 1172 Arist.
897 1130 1020 1174 Ran.
1056 1129 1178 1171 1457.
1227 1127 1397 1169 Jacobs.
1430 1125 1489 1167 ad

163 1210 305 1254 Anth.
334 1207 437 1250 Pal.
464 1221 509 1262 p.
528 1206 625 1250 756.
684 1206 822 1261 Wytt.
856 1205 912 1246 ad
950 1205 1071 1247 Plut.
1106 1204 1202 1247 Vol.
1232 1202 1308 1244 VI.
1340 1216 1383 1256 p.
1405 1199 1490 1240 452

163 1300 263 1342 sqq.
322 1285 435 1325 Bast.
465 1282 550 1338 Ep.
583 1282 697 1324 Crc'l.
726 1284 790 1323 ad
816 1282 1025 1322 Bois-son.
1056 1296 1098 1335 p.
1113 1278 1214 1319 225.
1259 1276 1489 1316 Hermann.

165 1359 221 1401 ad
256 1360 359 1401 Luc.
392 1359 446 1398 cle
482 1357 669 1399 Conscr.
703 1356 825 1398 IIe'sl.
856 1371 898 1411 p.
926 1357 1027 1398 2130.

224 1438 314 1477 καὶ
355 1437 418 1477 ἂν
465 1450 515 1475 τι
558 1431 900 1485 προσέθηκα.
962 1432 1185 1487 Eleganter
1212 1435 1253 1469 et
1284 1429 1412 1483 plane
1443 1440 1494 1466 ex

166 1526 244 1552 usu
289 1510 502 1551 Lucianeo
539 1507 791 1548 Fritzschius
830 1507 1016 1563 Quae-st.
1055 1506 1156 1547 Lac.
1188 1522 1233 1562 p.
1259 1506 1358 1548 208.
1390 1519 1496 1546 con-

167 1583 270 1635 iecit
302 1585 390 1639 τάχ’
422 1586 478 1625 ἄν
510 1601 548 1624 τι
593 1586 661 1624 καὶ
703 1583 976 1638 προσέθηκα,
1025 1588 1070 1622 ut
1114 1583 1244 1625 Alex.
1277 1584 1348 1625 39.
1391 1581 1497 1623 Jov.

175 1660 310 1715 Trag.
343 1657 412 1700 26.
463 1659 594 1700 Bem.
625 1659 738 1699 Enc.
767 1659 862 1709 25.‚
916 1656 1072 1710 quibus
1110 1657 1192 1699 alia
1232 1658 1364 1699 multa
1394 1655 1498 1697 addi

168 1740 360 1789 possunt.
431 1733 682 1775 Schaeferus
711 1734 766 1775 ad
800 1734 939 1788 (ἶνες.
977 1732 1186 1775 Corinth.
1217 1747 1261 1788 p.
1291 1730 1362 1772 44.
1391 1735 1500 1786 τάχα

170 1815 212 1848 et
241 1812 296 1850 ἄν
325 1807 384 1848 sic
417 1808 556 1863 posita
588 1810 914 1863 ἰσοδυναμοῦντα
954 1806 1130 1856 habuit,
1177 1814 1222 1848 ut
1252 1807 1401 1862 τάχ’ἄν
1431 1804 1500 1844 Vix

170 1883 357 1924 differret
386 1897 411 1924 a
441 1888 548 1939 τάχα
576 1886 697 1935 ἴσως,
727 1889 836 1939 τάχα
863 1898 976 1933 που,·
1007 1881 1079 1922 sed
1105 1882 1193 1937 ipse
1219 1881 1282 1922 vir
1307 1878 1499 1936 egregius

168 1973 292 2001 suum
316 1971 503 2000 errorem
533 1957 830 1998 animadvertit
857 1957 901 1998 in
926 1955 1102 2013 Appar.
1137 1959 1249 2001 Crz't.
1279 1957 1344 1997 acl
1367 1956 1499 1996 Dem.

172 2035 217 2076 T.
248 2035 328 2076 III.
361 2050 404 2089 p.
431 2033 530 2075 417.
564 2031 636 2072 ubi
665 2031 776 2073 hanc
807 2033 1052 2088 opinionem
1084 2030 1344 2072 retractavit.
1417 2027 1503 2069 Sed

172 2108 276 2151 nihil
304 2108 348 2149 h.
382 2109 410 2149 l.
443 2106 693 2148 mutandum
718 2114 795 2148 est.
855 2109 927 2150 De
959 2107 1131 2163 Sacris.
1165 2108 1192 2149 6
1239 2108 1308 2148 καὶ
1337 2105 1419 2157 εἴγε
1447 2107 1502 2158 μὴ

175 2188 214 2227 οἱ
244 2189 424 2237 Λήμνιοι
452 2201 505 2211 -
532 2183 659 2224 αὐτὸν
688 2182 966 2234 ὑπεδέξαντο,
1003 2188 1082 2226 κᾶν
1113 2186 1326 2235 ἐτεθνήκει
1356 2184 1452 2234 ἡμῖν
1479 2181 1503 2220 ό

175 2259 430 2311 Ἥφαιστος,
471 2263 510 2297 et
530 2257 589 2298 sic
608 2259 830 2313 permultis
849 2258 969 2301 locis.
1002 2259 1072 2299 De
1105 2257 1245 2299 Mero.
1268 2255 1410 2298 Cond.
1432 2254 1504 2295 33.

175 2333 282 2376 Jov.
325 2332 460 2388 Trag.
491 2331 562 2373 40.
623 2335 728 2376 Tox.
758 2334 828 2376 30.
878 2333 1048 2391 Navz'g.
1076 2334 1147 2375 21.
1194 2332 1407 2388 Plzz'lops.
1438 2330 1506 2373 16.

173 2409 279 2451 aliis.

236 2488 283 2527 εἰ
318 2483 530 2532 θέλεις.
604 2483 712 2526 Cod.
752 2484 851 2527 Par.
893 2484 1020 2527 2955.
1068 2484 1186 2526 dedit
1229 2486 1310 2537 εἴγε
1350 2482 1503 2531 θέλεις.

179 2560 422 2602 Notandum
459 2567 518 2601 est
547 2559 733 2600 Graecos
767 2559 839 2600 uhi
869 2559 997 2601 verba
1029 2563 1063 2602 εἴ
1094 2560 1260 2611 θέλεις,
1306 2561 1341 2601 εἴ
1367 2557 1510 2615 βούλει

179 2635 428 2676 urbanitatis
479 2647 606 2675 causa
654 2634 1008 2688 interponuntur,
1065 2649 1228 2690 semper
1271 2632 1506 2674 indicativo

179 2724 276 2753 usos
305 2724 415 2760 esse,
451 2709 642 2766 optativo
675 2715 816 2751 autem
851 2711 885 2750 εἰ
918 2708 1056 2759 θέλοις
1078 2743 1088 2761 ,
1135 2713 1168 2751 εἰ
1203 2709 1369 2765 βούλοιο
1396 2721 1508 2748 nun·
