1920 3361
986 240 1181 279 „4—

426 381 604 410 mannus
648 362 890 418 improbat,
936 361 1172 401 necessario
1220 359 1261 400 h.
1297 360 1324 400 l.
1363 363 1406 402 ἐν
1451 364 1648 412 γειτόνων
1683 375 1749 401 re·

427 445 538 501 quiri
572 442 797 482 affirmans.
858 439 1014 480 Verum
1052 442 1193 475 tamon
1232 435 1442 476 interdum
1482 437 1585 478 nihil
1611 438 1755 479 differ*-

428 536 497 569 re,
529 517 766 570 eademque
800 514 974 553 notione
1016 512 1243 566 usurpari,
1289 511 1446 553 docent
1481 512 1665 568 Bergler.
1698 512 1754 553 ad

429 595 637 651 Alct'pler.
662 593 738 646 Ep.
768 589 880 630 Il.2.
914 588 1131 629 Boz'sson.
1156 589 1220 628 acl
1244 586 1481 631 Ari-steten.
1512 590 1672 644 p.5lO.
1704 591 1755 630 In

430 672 537 715 Cod.
580 675 720 711 autem
764 665 901 707 oxon.
946 667 1185 716 ἕγγειτόνων
1224 664 1389 718 legitur.
1453 665 1573 715 Quae
1613 665 1668 705 ab
1695 665 1760 705 A-

429 747 626 790 bresehio
656 747 699 784 iu
740 742 980 784 Am'maclv.
1025 743 1088 781 ad
1117 740 1326 796 Aesch-yl.
1360 755 1405 794 p.
1441 741 1536 783 174.
1562 747 1757 781 movetur

431 824 652 882 quaestio,
688 819 741 859 ab
780 818 941 858 Reitzio
980 819 1179 871 explosa,
1225 816 1279 856 de
1310 830 1457 871 praep.
1495 820 1566 865 ἐν,
1615 824 1756 858 utrum

432 916 508 958 per
536 914 577 940 se
613 895 795 952 genitivo
821 894 941 947 jungi
975 899 1131 947 queat,
1177 906 1256 933 nec
1291 907 1367 941 ne,
1413 893 1540 947 plane
1573 892 1627 933 ab
1658 892 1698 934 h.
1732 893 1760 935 l.

433 979 569 1019 aliena
609 980 696 1020 est,
756 984 854 1010 nam
895 968 1181 1023 peculiaribus
1221 969 1306 1008 istis
1345 970 1389 1008 in
1427 969 1617 1009 formulis
1662 983 1763 1016 voe,

433 1052 567 1100 οἶκος,
611 1048 676 1089 vel
722 1045 852 1085 simile
894 1043 1029 1098 quid,
1078 1043 1296 1083 subaudiri
1334 1050 1514 1086 constat.
1591 1047 1763 1102 Legitur

432 1136 744 1178 nonnunquam
784 1123 822 1167 ἐς
869 1123 1094 1170 γειτόνων,
1140 1121 1223 1160 ἀπὸ
1255 1123 1450 1170 γειτόνων
1494 1127 1576 1163 cet.
1663 1122 1762 1166 vid.

433 1207 600 1246 Kuster.
651 1198 707 1239 ad
739 1196 886 1237 Arist.
928 1195 1054 1235 Flac.
1095 1195 1192 1234 435.
1257 1194 1425 1236 Schaef.
1472 1196 1528 1236 ad
1572 1199 1618 1239 L,
1663 1198 1760 1242 Bos,

430 1281 511 1322 Ell.
544 1294 585 1333 p.
612 1274 699 1317 29ss
727 1278 767 1312 et
794 1271 891 1312 342.
925 1277 964 1309 et
1006 1269 1203 1309 laudatos
1240 1269 1294 1310 ab
1328 1271 1493 1315 eodem.
1526 1273 1763 1319 Bernhard.

435 1357 568 1411 Synt.
606 1351 686 1392 Gr.
718 1364 760 1403 p.
791 1347 888 1388 226.

493 1450 524 1472 π
536 1431 559 1472 λ
572 1447 597 1470 α
611 1434 693 1469 κοῦ
710 1444 729 1468 v
744 1443 765 1465 τ
777 1442 796 1465 ο
811 1441 843 1471 ς.
878 1421 947 1461 Sic
966 1421 1144 1461 restituit
1165 1421 1464 1465 Schmiederus
1481 1439 1529 1466 ex
1545 1425 1650 1468 Cod.
1667 1427 1764 1470 Par.

438 1508 565 1549 2955.
597 1516 677 1558 pro
706 1500 978 1541 πλακούντων
1009 1498 1053 1538 in
1087 1496 1300 1539 Reitzian.
1326 1506 1365 1539 et
1395 1500 1501 1542 Cod.
1537 1502 1652 1543 Gorl.

496 1586 524 1624 ἃ
560 1578 679 1633 πάρ’
706 1575 899 1626 ἄλλοι-’ς
936 1575 1185 1626 ἀφθόνως
1228 1576 1500 1619 ἀπολαύω.
1561 1578 1683 1618 Hunc
1702 1578 1770 1619 lo-

443 1673 541 1701 cum
569 1656 723 1696 mirum
759 1652 800 1691 in
839 1649 1017 1690 modum
1056 1657 1260 1691 vexarunt
1302 1653 1573 1708 interpretes,
1608 1654 1650 1694 in
1679 1668 1769 1709 quo

444 1744 587 1776 tamen
618 1744 671 1771 ne
700 1728 919 1769 minimum
958 1726 1133 1781 quidem
1171 1727 1318 1767 vitium
1353 1728 1484 1770 latere
1511 1730 1770 1771 contendere

443 1811 592 1852 ausim.
652 1804 799 1848 Moniti
828 1818 853 1843 a
895 1803 1079 1852 Solano,
1128 1803 1201 1857 qui
1242 1803 1384 1844 locum
1425 1811 1666 1859 suspectum
1693 1804 1770 1845 sibi

443 1886 578 1929 videri
620 1881 928 1936 adscripscrat,
960 1878 1106 1919 vitium
1149 1878 1448 1921 Schmiederus
1488 1886 1528 1921 et
1562 1880 1773 1922 Lehman-

443 1977 523 2005 nus
547 1959 846 2016 quaesiverunt
872 1955 915 1995 in
942 1954 1186 1995 accusativo
1216 1958 1243 1997 ἅ
1273 1969 1367 1996 cum
1394 1954 1525 1996 verbo
1548 1957 1777 2000 άπολαιέιν

438 2040 622 2096 juncto,
657 2047 769 2090 quae
793 2037 1004 2072 structura
1045 2031 1274 2072 sententiae
1302 2033 1386 2073 loci
1426 2046 1513 2073 non
1541 2033 1775 2075 admodum

447 2113 673 2157 convenire
714 2115 993 2161 censuemnt3
1037 2107 1165 2164 igitur
1207 2107 1501 2150 Schmiederus
1542 2124 1623 2165 pro
1659 2113 1686 2152 ἃ
1715 2111 1776 2150 le-

445 2191 632 2248 gendum
663 2185 849 2242 conjecit
878 2177 968 2235 ὧν,
1003 2183 1126 2240 cujus
1152 2183 1361 2224 rationem
1398 2185 1495 2226 satis
1524 2186 1666 2226 mirari
1688 2200 1776 2227 non

444 2280 616 2325 possum
661 2262 910 2305 Lehmanno
936 2275 1023 2302 non
1062 2259 1388 2315 improbabilem
1416 2261 1573 2311 videri,
1609 2261 1683 2317 qui
1711 2269 1777 2303 ta·-

447 2359 543 2386 men
584 2343 671 2397 ipse
711 2339 797 2380 vitii
843 2338 984 2379 sedem
1010 2338 1052 2377 in
1095 2336 1225 2378 verbo
1264 2338 1462 2380 οέπολαϋω
1488 2339 1778 2393 quaerendam

447 2408 532 2462 esse
549 2417 714 2475 putavit
731 2448 739 2461 ,
775 2415 895 2469 quod
915 2414 1081 2469 saepius
1102 2413 1155 2453 ab
1186 2414 1364 2455 librariis
1391 2428 1488 2455 curn
1515 2414 1647 2457 verbo
1672 2417 1779 2458 (ἰπο-

448 2500 593 2554 λαβεῖν
625 2492 849 2535 confusum
890 2504 974 2532 esse
1004 2489 1197 2545 pluribus
1230 2491 1336 2531 locis
1365 2490 1554 2542 notavit3
1602 2491 1675 2531 sed
1701 2505 1778 2531 ne-

449 2587 533 2629 que
559 2570 734 2613 verbum
766 2567 990 2616 (ὶπολαυίο,
1025 2565 1108 2606 hoc
1138 2566 1312 2621 quidem
1339 2567 1437 2607 loco
1468 2568 1682 2623 eleganter
1697 2580 1779 2622 po-

448 2652 569 2691 situm
589 2680 598 2696 ,
636 2643 948 2686 extrudendum
977 2648 1035 2682 est
1054 2674 1062 2690 ,
1110 2657 1250 2698 neque
1287 2657 1525 2698 pronomen
1549 2647 1575 2685 ἃ
1610 2650 1778 2685 mutan-

448 2725 563 2767 dum.
626 2723 798 2764 Constat
830 2719 941 2762 enim
982 2716 1159 2762 verbum
1197 2719 1424 2764 ἀπολαύειν
1465 2720 1525 2782 sio
1564 2721 1776 2769 construi,
