1920 3361
943 186 1137 229 „3-

379 311 519 367 jungi.
579 309 688 349 Satis
714 320 915 361 magnum
943 320 1040 346 eum
1066 307 1211 346 futuro
1234 310 1471 345 structurae
1491 303 1707 358 exemplo-

383 400 476 426 rum
500 397 720 425 numerum
750 381 993 436 suppeditat
1021 382 1248 422 Lucianus.
1283 380 1464 435 Catapl.
1482 379 1540 421 26
1573 396 1710 434 παρα-

310 474 324 485 ·
388 461 551 514 λείψειν
576 476 642 512 μοι
671 459 792 499 δοκῶ.
842 458 912 497 Be
942 458 1048 497 salt.
1076 458 1129 499 75
1148 457 1228 511 η”δη
1255 456 1475 506 ἐπιδείξειν
1501 472 1569 509 μοι
1588 455 1713 496 δοκῶ.

393 537 512 579 ssim.
544 534 614 575 34.
660 534 788 574 lflzet.
819 533 978 573 Praee.
1018 534 1057 574 7.
1101 533 1231 574 Βιάἰ.
1260 532 1395 572 Mort.
1428 532 1481 572 X.
1511 531 1553 572 4.
1586 530 1712 572 Piso.

389 613 461 654 29.
493 612 599 653 Tox.
629 611 700 651 27.
730 609 783 649 al.
817 609 879 650 Cf.
911 608 1098 668 Brunek.
1133 608 1365 664 Supplem.
1393 607 1636 648 Emendat.
1665 608 1716 646 z'n

389 690 536 732 Arist.
570 687 696 727 Plut.
739 698 782 738 p.
820 685 913 725 194.
946 683 1097 724 Ileind.
1142 683 1212 724 ad.
1256 683 1384 725 I’lat.
1428 682 1631 725 Phaedr.
1669 695 1718 735 p.

389 765 489 807 200.
540 761 709 802 Schaef.
741 760 796 800 ad
837 761 964 801 Poc'it.
1003 759 1162 802 Gnom.
1204 775 1248 814 p.
1279 760 1332 801 16
1358 772 1424 813 sq.
1485 757 1715 813 Apparat.

399 841 513 883 (ἵνα.
547 839 610 878 acl
645 837 773 877 Dent.
835 836 883 876 T.
913 837 946 876 1.
978 850 1020 890 p.
1052 837 1137 877 215
1166 851 1230 891 sq.
1293 834 1448 876 Rarius
1484 847 1581 874 cum
1616 832 1720 874 Aor-

393 916 523 958 Infin.
543 912 763 969 jungitur,
798 911 899 965 qui,
932 925 981 951 ex
1008 913 1212 952 sententia
1230 910 1458 951 Hermanni
1484 909 1539 950 ad
1555 909 1720 964 Eurip-

395 993 515 1033 Med.
539 989 607 1030 ed.
638 986 800 1027 Elmsl.
833 1000 876 1040 p.
910 987 1016 1034 372,
1049 993 1137 1027 tum
1160 987 1333 1027 demum
1359 991 1615 1040 usurpatur,
1649 983 1725 1025 ubi

396 1069 451 1109 de
480 1080 525 1107 re
548 1063 684 1120 exigui
714 1060 915 1116 temporis
940 1066 981 1101 et
1010 1061 1192 1102 instante
1219 1076 1355 1102 sermo
1378 1067 1463 1111 est,
1497 1060 1628 1101 futuri
1648 1074 1725 1100 au-

398 1151 483 1185 tem
516 1142 569 1182 de
598 1154 642 1180 re
670 1138 936 1177 diuturniore
965 1138 1029 1178 vel
1068 1139 1169 1178 olim
1192 1139 1350 1179 futura.
1413 1139 1521 1179 Luc.
1554 1138 1725 1179 Isaras.

398 1220 471 1261 45.
501 1223 602 1257 extr.
622 1215 735 1256 δοκι-ἴ
759 1214 800 1254 δέ
819 1214 910 1255 οὐδὲ
938 1220 994 1256 ἀν
1022 1219 1266 1255 παύσασθαι
1291 1216 1549 1268 παρασιτῶν.
1579 1213 1728 1255 Arist.

403 1295 531 1339 Αυίό.
563 1306 619 1332 vs.
653 1290 753 1331 671.
792 1290 870 1337 ἐγὼ
914 1291 988 1334 μὲν
1030 1292 1098 1330 καὶ
1125 1290 1294 1342 φιλῆσαί
1332 1307 1399 1342 μοι
1439 1289 1561 1331 δοκῶ.
1623 1288 1729 1331 Cum

402 1368 639 1414 Praesentis
677 1365 802 1405 Infin.
849 1364 975 1419 Vesp.
1017 1378 1074 1407 vs,
1112 1366 1205 1408 177.
1243 1364 1336 1406 ἀλλ’
1377 1367 1513 1408 εΐσιών
1547 1382 1616 1419 μοι
1657 1366 1731 1407 τὸν

405 1452 502 1491 ὀνον
530 1447 689 1495 ἐξάγειν
727 1441 846 1482 δοκῶ.
878 1441 1003 1495 ptura
1031 1439 1148 1480 dedit
1184 1440 1392 1482 Wetsten.
1427 1440 1496 1482 ad.
1529 1441 1581 1484 N.
1610 1440 1655 1483 F.
1683 1441 1730 1482 Τ.

402 1526 460 1567 Π.
493 1537 537 1577 p.
566 1519 667 1561 632.

466 1600 594 1642 εἴπω
620 1613 692 1642 τι,
728 1594 1036 1648 κερατίναν.
1069 1592 1139 1633 Sic
1161 1591 1270 1633 bene
1298 1592 1486 1634 distinxit
1504 1594 1729 1643 Kusterus‚

410 1681 534 1717 antea
569 1670 789 1726 legebatur
813 1670 940 1718 εἴπω,
990 1686 1026 1709 τι
1055 1685 1191 1722 κερατ.
1253 1670 1447 1710 Formam
1480 1671 1704 1725 κερατίναν
1724 1703 1734 1721 ,

412 1764 524 1808 quae
548 1749 592 1788 in
622 1744 817 1787 omnibus
840 1743 955 1784 libris
981 1743 1152 1798 legitur,
1199 1745 1414 1799 improbat
1441 1743 1734 1793 Lehmannus‚

412 1827 540 1869 ceteri
568 1826 923 1865 commentatores
961 1825 1118 1860 tacent.
1171 1820 1486 1860 Nominativum
1522 1822 1740 1874 κερατίνας

412 1904 575 1960 primae
624 1898 760 1946 dect„
806 1910 904 1936 eum
951 1909 1161 1950 nusquam
1209 1895 1425 1945 obtineat,
1471 1896 1740 1952 illegitimum

416 1993 503 2020 esse
531 1989 657 2018 nemo
693 1971 932 2023 dubitabit3
966 1985 1077 2026 quae
1109 1977 1251 2011 autem
1300 1972 1562 2023 Quintiliano
1614 1987 1742 2013 cera-

414 2059 541 2098 tinae
570 2059 610 2093 et
641 2049 948 2091 crocodilinae
968 2048 1195 2097 dicuntur,
1230 2048 1277 2088 iis
1304 2049 1629 2102 ambiguitates
1661 2049 1745 2089 sive

418 2131 710 2189 quaestiones
764 2125 937 2179 intelligi
984 2125 1132 2165 volunt
1160 2140 1169 2174 3
1230 2138 1309 2180 ego
1360 2137 1462 2164 vero
1507 2139 1529 2164 a
1579 2125 1746 2166 Graeco

419 2208 614 2263 κερατίνη
640 2209 679 2244 et
703 2201 986 2257 κροκοδειλίνη
1002 2200 1245 2254 simpliciter
1271 2200 1433 2241 factum
1448 2207 1570 2255 puto.
1618 2200 1748 2256 Apud

421 2285 564 2339 Πίος.
608 2282 763 2322 Lae'rt.
808 2278 865 2319 II.
898 2277 954 2318 60
996 2276 1149 2331 legitur
1188 2278 1428 2331 κερατίνην,
1481 2276 1585 2316 solet
1621 2277 1748 2317 etiarn

424 2361 509 2402 diei
537 2362 745 2412 κεράτινος
781 2354 899 2405 λόγος
930 2359 976 2393 ut
1005 2353 1048 2393 in
1083 2353 1162 2393 rit.
1193 2352 1369 2394 Zenon.
1398 2351 1494 2395 VH.
1534 2351 1626 2393 187.
1669 2351 1749 2393 Ce-

424 2415 561 2478 terum
596 2438 710 2473 recte
751 2429 1018 2472 Lehmannus
1052 2435 1124 2468 aut
1155 2430 1375 2483 κερατίνην
1423 2433 1495 2467 aut
1536 2432 1751 2482 κεράτινον

424 2513 507 2568 legi
534 2523 655 2566 posse
684 2507 892 2548 observat.
952 2506 1012 2546 De
1040 2505 1308 2560 syllogismis,
1353 2503 1509 2559 quibus
1548 2503 1752 2558 imprimis

427 2587 748 2629 delectabantur
777 2582 909 2623 Stoici
937 2582 1070 2622 multa
1098 2581 1250 2637 passim
1288 2581 1330 2620 in
1364 2580 1555 2622 Luciano
1595 2592 1752 2620 oecur-

428 2671 538 2707 runt.
574 2664 771 2705 Ilermot.
792 2660 846 2703 ’79
880 2659 958 2704 Υίί.
975 2659 1107 2702 Azcct.
1131 2658 1202 2701 22.
1235 2657 1331 2717 Bc'sv.
1352 2655 1498 2700 Aecus
1517 2656 1589 2700 22.
1620 2654 1751 2698 Bc‘al.
