1920 3361
965 197 1158 238 -6-

399 334 495 361 cum
530 320 723 360 criticam
764 331 935 358 manum
966 331 1133 371 passum
1172 329 1272 357 esse.

445 395 483 452 ᾗ.
514 398 582 438 23.
627 393 1050 448 καταληπτικὴν
1090 392 1416 445 φαντασίαν.
1478 391 1722 432 Stoicorum

398 473 610 527 φαντασία
624 470 729 526 quid
746 471 795 510 sit
823 469 997 509 discitur
1022 482 1072 509 ex
1087 468 1214 508 Plat.
1231 466 1362 509 Plac.
1372 467 1546 522 philos.
1566 469 1641 512 IV.
1658 469 1727 511 12.

397 550 609 603 φαντασία
639 551 723 590 ἔστι
759 551 897 593 πάθος
931 547 974 587 ἐν
1005 550 1056 600 τῇ
1092 550 1210 600 ψυχῇ
1240 547 1482 598 γινόμενον,
1516 544 1728 587 ἐνδεικνυ-

397 627 527 679 μένον
552 628 686 678 ἑαυτῷ
715 625 783 664 καὶ
813 624 857 663 τὸ
888 624 1128 674 πεποιηκός.
1162 619 1276 668 οἷον,
1312 619 1483 661 ἐπειδὰν
1515 619 1566 661 δι’
1594 624 1729 674 ὄψεως

396 704 615 755 θεωρῶμεν
645 703 689 741 τὸ
719 699 863 740 λευκὸν
881 730 892 748 ,
938 698 1022 739 ἐστὶ
1059 702 1197 744 πάθος
1236 699 1281 738 τὸ
1310 695 1631 749 ἐγγεγενημένον
1659 696 1730 737 δὶὰ

396 784 467 830 τῆς
495 781 667 831 ὁράσεως
700 778 743 817 ἐν
781 778 832 827 τῇ
864 778 992 828 ψυχῆ.
1023 796 1079 803 —-
1112 764 1270 826 εἴρηται
1314 771 1357 812 δὲ
1390 773 1602 824 φαντασία
1643 774 1732 813 ἀπὸ

397 860 467 894 τοῦ
497 857 627 905 ᾳωτος
645 864 653 873 ·
685 856 877 903 καθάπερ
903 850 980 902 γὰρ
1009 850 1054 889 τὸ
1083 851 1167 901 φῶς
1193 850 1297 889 ἁυτὸ
1340 847 1547 896 δείκνυσι,
1582 849 1652 888 καὶ
1681 849 1733 889 τὰ

396 929 507 970 ἄλλα
533 931 584 969 τά
605 931 648 970 ἐν
672 931 786 979 ἁυτῲ
816 928 1085 979 περιεχόμενα
1105 957 1117 975 ,
1151 926 1220 964 καὶ
1248 929 1274 977 ή
1301 924 1513 976 φαντασία
1548 923 1734 965 δείκνυσι

397 1008 548 1057 ἑαυτὴν
590 1005 659 1044 καὶ
697 1004 742 1043 τὸ
769 1003 993 1054 πεποιηκός
1022 1000 1154 1051 άυτην
1194 998 1283 1040 κτλ.
1346 998 1445 1038 Erat
1477 1005 1620 1039 autem
1649 999 1733 1040 du-

395 1081 493 1135 plex
523 1078 810 1132 καταληπτικὴ
840 1082 880 1115 et
903 1073 1214 1128 ακατάληπτος.
1258 1073 1368 1117 Vide
1387 1106 1396 1124 ‚
1431 1081 1600 1130 praeter
1628 1076 1734 1117 alios

399 1156 580 1205 multos,
616 1155 778 1208 Menag.
819 1151 876 1192 ad
916 1152 1057 1206 Dc‘og.
1087 1150 1251 1191 Laert.
1283 1150 1381 1193 Vll.
1411 1150 1480 1193 46.
1524 1157 1565 1191 et
1591 1151 1732 1195 Davis-

402 1231 458 1272 ad
482 1231 569 1272 Cic.
600 1232 654 1270 de
682 1230 784 1270 Fc'n.
817 1227 897 1268 III.
924 1226 966 1269 4.

458 1307 802 1359 θαυμαστῶν.
863 1303 958 1342 Hoc
998 1300 1256 1342 vocabulum
1293 1315 1392 1343 raro
1438 1304 1525 1344 sine
1556 1305 1734 1347 cavilla-2

403 1385 516 1424 tione
546 1380 734 1436 quadem
773 1379 982 1420 Lucianus
1010 1384 1209 1432 usurpat,
1244 1392 1333 1433 quo
1367 1379 1416 1419 fit
1446 1386 1490 1420 ut
1519 1381 1734 1423 interdum

405 1475 503 1501 eum
546 1459 679 1498 altero
719 1461 951 1508 θαυμάσιος
996 1454 1040 1494 in
1076 1453 1191 1494 libris
1220 1455 1446 1495 confusum
1481 1457 1734 1511 reperiatur.

409 1537 490 1578 Vc‘t.
522 1534 653 1576 Aact.
692 1533 757 1572 ll.
784 1533 852 1571 καὶ
882 1530 1049 1584 ἷδιωτης
1067 1534 1144 1585 γάρ
1168 1531 1241 1572 εὀἷν
1261 1528 1332 1585 ᾗς,
1362 1536 1452 1585 ἠτοι
1480 1533 1735 1588 σκυτοδεψὸς

404 1618 429 1666 ἦ
449 1608 737 1666 ταριχοπώλης
760 1612 784 1661 η
810 1606 963 1648 τέκτων
991 1610 1015 1659 ἦ
1043 1607 1315 1660 τραπεζίτης,
1348 1607 1470 1650 οὐδέν
1499 1624 1540 1650 σε
1566 1608 1735 1651 κωλύσει

404 1688 649 1740 θαυμαστὸν
691 1680 812 1725 εἶναι.
876 1682 1075 1723 Hermot.
1124 1682 1195 1725 74.
1235 1682 1303 1724 οἷα
1341 1686 1410 1724 καὶ
1452 1690 1479 1738 ή
1512 1689 1732 1739 θαυμαστὴ

407 1763 629 1816 γεωμετρία
658 1764 781 1800 ποιεῖ.
825 1759 945 1798 Ῑόι’(].
963 1758 1032 1798 35.
1066 1757 1256 1812 lst'grz‘n.
1290 1760 1326 1799 l.
1345 1790 1354 1808 ,
1389 1759 1545 1814 quibus
1564 1761 1607 1801 in
1635 1760 1736 1802 locis

406 1846 452 1880 ut
485 1839 527 1878 in
558 1837 646 1877 aliis
672 1834 812 1875 multis
843 1833 1065 1874 Platonem
1104 1833 1292 1874 imitatus
1331 1848 1416 1875 esse
1444 1835 1624 1878 videtur.
1670 1836 1734 1879 Cf.

413 1914 588 1969 Cratyl.
617 1927 660 1967 p.
682 1911 760 1953 391
794 1911 842 1950 D.
873 1910 1026 1965 Symp.
1056 1910 1201 1964 p.182
1230 1910 1276 1951 Ε.
1300 1910 1492 1966 Republ.
1519 1912 1617 1967 X.p
1650 1913 1736 1954 596

411 1991 457 2032 C.
498 1988 582 2029 vid.
626 1987 670 2028 C.
712 1987 755 2028 F.
786 1987 1015 2028 Hermann.
1059 1985 1116 2026 ad
1151 1986 1259 2028 Lac.
1295 1988 1348 2027 (le
1391 1988 1580 2031 Censor.
1614 1990 1735 2031 last.

408 2082 450 2122 p.
486 2066 582 2108 175.

470 2142 632 2194 ἀπείη
673 2138 727 2180 δὲ
766 2142 792 2190 ἡ
822 2137 1164 2193 Ἀδράστεια.
1224 2138 1381 2180 Omnes
1416 2138 1513 2179 libri
1541 2140 1584 2181 δὲ
1616 2143 1685 2181 καὶ
1713 2146 1738 2194 η’

410 2218 647 2272 Ἀδράστ.,
682 2215 727 2253 in
760 2227 847 2253 uno
879 2213 978 2254 cod.
1023 2215 1116 2255 Par.
1152 2215 1268 2270 apud
1299 2216 1519 2257 Boissonn.
1548 2215 1605 2256 ad
1629 2217 1738 2258 Ari-

412 2301 561 2335 staen.
592 2307 638 2346 p.
665 2289 750 2331 490
779 2290 975 2330 omis-um
996 2297 1056 2331 th
1085 2293 1168 2333 καί.
1214 2291 1652 2333 Animadvertendum
1679 2299 1738 2334 est

411 2372 456 2413 h.
498 2371 524 2416 l.
568 2368 827 2421 'A69t5cffveta
866 2365 1113 2421 simpliciter
1145 2381 1225 2422 pro
1253 2368 1412 2409 invidia
1439 2370 1738 2424 accipiendum

414 2461 525 2488 esse:
557 2442 734 2499 perinde
766 2447 824 2481 est
852 2442 962 2482 enim
995 2456 1047 2483 ac
1073 2443 1103 2483 si
1131 2442 1297 2484 dixisset
1337 2446 1463 2498 ἀπείη
1485 2445 1527 2486 δὲ
1557 2449 1736 2498 φθόνος,

415 2537 514 2563 cum
561 2519 734 2575 proprie
768 2518 818 2558 sit
861 2518 1144 2573 perjuriarum
1183 2519 1335 2560 vindex
1378 2521 1476 2562 Dea.
1537 2522 1740 2563 Solebant

417 2605 557 2638 autem
584 2595 735 2637 Graeci
760 2593 878 2635 dicto
905 2596 1198 2645 exustaufiori,
1233 2597 1297 2636 vel
1327 2596 1522 2637 insolenti
1560 2604 1633 2638 aut
1674 2599 1740 2638 in-

414 2673 576 2716 vidioso
604 2671 870 2726 Αδραστείας
900 2685 1054 2712 nomen
1079 2674 1135 2712 sie
1164 2672 1348 2727 praefari
1369 2679 1413 2714 ut
1428 2673 1537 2715 illius
1559 2674 1741 2715 numinis
