1920 3361
980 217 1177 258 —2-

417 347 509 394 ὅσγε
535 341 607 384 οὐκ
628 338 885 394 ἀποδέχομαι
916 339 1090 390 ἐμαυτοῦ
1133 336 1223 379 κτλ.
1272 335 1466 392 Thucyd.
1495 334 1530 377 l.
1566 332 1631 375 ll.
1665 337 1741 389 ῥᾳ-

421 419 516 466 δίως
541 420 596 458 ἂν
623 421 733 471 μάχῃ
772 421 1017 469 κρατοῦντες
1053 411 1190 456 εἷλον·
1223 414 1308 464 οἵγε
1342 414 1414 453 καὶ
1451 412 1528 453 οὐκ
1563 412 1739 466 ἀθρόοι,

420 493 527 536 ἀλλὰ
555 492 666 546 μέρει
692 495 749 545 τῷ
785 490 850 530 ἀεὶ
891 491 1178 544 παρατυχόντι
1203 488 1410 543 ἀντεῖχον.
1471 487 1532 527 De
1554 484 1638 526 hoc
1667 499 1746 526 usu

419 567 633 624 quaedam
656 570 914 607 monuerunt
945 562 1170 619 Wyttenb.
1202 563 1259 605 ad
1299 562 1393 605 Sel.
1431 563 1592 604 Prz'nc.
1622 561 1742 602 Hz'st.

416 658 462 700 p.
488 644 586 686 347.
631 641 780 683 Matth.
812 640 882 681 Gr.
910 639 981 681 Gr.
1013 639 1052 695 ἕ.
1083 638 1182 682 480.
1215 645 1308 680 not.
1336 640 1354 680 l
1390 645 1431 680 et
1458 640 1500 681 3.
1545 640 1637 690 ὅσγε
1666 650 1746 678 au-

417 725 502 760 tem
528 724 569 758 et
596 720 687 760 ὅστε
714 716 820 772 quid
851 715 1049 756 differant
1075 721 1277 757 accurate
1303 715 1478 770 exponit
1513 715 1743 755 Hermann.

419 795 474 836 ad
503 793 636 850 Soph.
667 793 774 835 Oecl.
808 793 844 834 Τ
839 808 908 849 yr.
939 806 999 834 vs,
1027 791 1126 835 688.

474 871 598 914 οὐδὲ
631 873 858 912 πώποτε.
905 866 1012 909 Cod.
1041 867 1180 909 Oxou.
1208 866 1406 909 οὐδέποτε
1425 864 1607 906 exhibet.
1640 863 1746 906 Cum

416 948 561 988 futuro
600 946 798 988 οὐδέποτε
840 943 1140 984 tantummodo
1185 943 1398 993 construi,
1446 942 1540 985 οὐδὲ
1580 945 1748 983 πώποτε

418 1030 560 1064 autem
602 1035 699 1062 cum
738 1020 969 1075 praeterito
1007 1017 1230 1060 contendit
1271 1017 1514 1059 Brunckius
1553 1017 1610 1058 ad
1638 1017 1748 1060 Arc·-

415 1099 566 1156 stoplz.
597 1098 796 1153 Lysi-sir.
826 1110 866 1137 v,
891 1096 990 1138 301.
1019 1101 1060 1135 et
1084 1094 1259 1135 Eccles.
1284 1092 1384 1136 384.
1443 1111 1465 1137 a
1493 1093 1615 1145 Quae
1639 1107 1751 1148 pau·

418 1191 493 1226 ca,
526 1174 691 1230 inquit,
738 1171 972 1212 afferuntur
1013 1184 1036 1210 e
1078 1171 1242 1210 solutae
1282 1170 1488 1211 orationis
1527 1169 1749 1225 scriptori-

417 1253 498 1295 bus
524 1252 620 1292 loca
652 1248 892 1297 contraria,
926 1253 999 1288 aut
1030 1246 1242 1287 editorum
1279 1246 1520 1296 libidinem,
1555 1251 1628 1286 aut
1655 1259 1749 1286 ma-

417 1331 503 1370 lam
541 1325 811 1368 librariorum
847 1337 1020 1364 manum
1064 1329 1239 1378 experta
1282 1323 1438 1364 sunt.’'
1507 1322 1563 1363 At
1597 1319 1750 1362 falsum

417 1407 503 1447 hoc
534 1417 621 1445 esse
654 1406 958 1458 praeceptum,
1005 1412 1146 1454 neque
1177 1398 1399 1448 οὐδέποτε,
1445 1398 1521 1439 etsi
1560 1411 1659 1439 cum
1682 1398 1753 1438 fu-

419 1490 518 1523 turo
548 1481 676 1535 vulgo
700 1477 934 1534 jungatur,
970 1482 1113 1516 tamen
1152 1474 1270 1530 apud
1307 1475 1492 1530 optimos
1525 1474 1752 1530 scriptores

418 1573 507 1601 non
536 1554 748 1598 interdum
792 1567 892 1594 cum
925 1552 1156 1609 praeterito
1198 1550 1411 1601 construi,
1454 1550 1547 1593 οὺδὲ
1581 1553 1753 1593 πώποτε

417 1643 558 1677 autem
579 1646 802 1688 nunquam
831 1644 930 1671 cum
951 1629 1095 1669 futuro
1109 1659 1118 1677 ,
1147 1627 1385 1668 luculenter
1411 1632 1590 1681 apparet
1610 1626 1723 1667 exiis
1738 1657 1750 1674 ,

422 1726 534 1769 quae
558 1710 611 1751 de
638 1709 789 1750 harum
814 1705 1126 1761 particularum
1150 1718 1226 1744 usu
1251 1703 1521 1758 disputarunt
1550 1703 1642 1746 VV.
1661 1702 1748 1745 DD.

419 1791 590 1831 Dawes.
620 1784 796 1827 Miscel.
827 1783 943 1826 Crz't.
974 1795 1018 1836 p.
1053 1781 1146 1823 198.
1191 1781 1364 1822 Pierson
1395 1779 1452 1820 ad
1494 1780 1751 1823 Herodian.

419 1881 464 1922 p.
498 1865 597 1906 461.
641 1860 778 1903 Wolf.
813 1860 1042 1915 Apparat.
1081 1857 1196 1899 C'rz't.
1237 1857 1302 1898 ad
1337 1856 1467 1898 Dem.
1498 1870 1543 1911 p.
1577 1854 1658 1897 196
1683 1868 1751 1910 sq.

423 1948 462 1984 et
491 1938 680 1982 Lobeck.
703 1936 759 1978 ad
789 1935 957 1978 Herod.
987 1949 1032 1989 p.
1065 1933 1152 1977 457
1170 1947 1234 1988 sq.

479 2018 659 2072 φέρων.
719 2012 899 2070 Egregia
929 2016 989 2050 est
1018 2009 1319 2050 Hemsterhusii
1349 2007 1406 2050 ad
1435 2006 1565 2049 Dz'al.
1606 2005 1750 2048 Mort.

422 2096 498 2139 Vl.
531 2094 573 2135 3.
603 2092 657 2132 de
682 2090 722 2131 vi
750 2104 801 2131 ac
833 2092 1044 2144 potestate
1083 2085 1211 2140 hujus
1237 2084 1454 2141 participii
1486 2082 1719 2137 disputatio
1737 2113 1747 2130 ,

422 2176 566 2227 «post
612 2182 762 2224 quem,
810 2166 888 2218 (sic
919 2163 1030 2205 enim
1069 2161 1232 2202 dudum
1277 2160 1502 2202 Dorvillius
1541 2158 1598 2199 ad
1625 2157 1751 2201 Char.

421 2263 466 2304 p.
494 2244 599 2301 520)
623 2278 632 2294 ‚
666 2243 762 2299 quis
793 2241 928 2283 Iliada
962 2252 1115 2281 canere
1150 2238 1351 2293 suscipiat
1380 2238 1400 2279 ’ἓ
1421 2239 1444 2255 ”
1506 2236 1660 2290 ltaque
1689 2236 1754 2275 al-

427 2332 516 2365 tum
540 2320 643 2362 mihi
674 2319 885 2361 silentium
924 2315 1180 2358 servandum
1210 2314 1487 2355 existimarem
1509 2344 1519 2361 ,
1564 2311 1640 2353 nisi
1665 2325 1754 2353 non

425 2411 594 2442 omnem
637 2396 863 2439 obsolvisse
907 2392 1200 2449 quaestionem
1247 2389 1554 2430 intellexissem.
1628 2389 1753 2429 Hunc

423 2484 564 2519 autem
593 2471 896 2530 lepidissimum
922 2470 1064 2510 locum
1080 2500 1090 2517 ,
1124 2467 1179 2508 ab
1205 2463 1503 2520 interpretibus
1530 2470 1602 2504 aut
1627 2478 1754 2518 pror-

426 2569 492 2596 sus
533 2553 774 2607 neglectum
800 2580 810 2598 ,
856 2552 928 2587 aut
971 2545 1232 2601 negligenter
1274 2541 1422 2583 Latine
1474 2554 1751 2590 conversum,

425 2626 775 2671 commemoravit
811 2628 976 2663 tantum
1006 2653 1015 2671 ‚
1058 2627 1249 2661 ceterum
1300 2619 1508 2659 intactum
1565 2616 1752 2671 reliquit.

427 2704 645 2761 Siquidem
676 2701 788 2743 enim
815 2699 957 2742 multis
986 2698 1030 2740 in
1053 2694 1341 2739 locutionibus
1362 2694 1591 2751 participio
1617 2695 1752 2750 φέρων
