1920 3361
972 321 1048 363 VI.

406 437 769 481 VALCKERAEMUS
798 433 854 474 ad
878 434 1044 490 Eurz'p.
1077 434 1264 490 Jh'ppol.
1295 448 1353 476 vs.
1383 435 1463 478 785
1491 436 1534 478 in
1559 450 1679 480 versu

349 511 612 554 Pherecratis
639 511 755 566 apud
779 508 1035 551 stobaeum:

570 585 750 633 Πολλοῖς
780 587 958 638 ἐμαυτὸν
991 583 1203 636 ἔγκυλῖσαι
1233 590 1459 640 πράγμασι.

353 676 434 718 pro
467 660 677 713 ἓγκυλῖσαι
702 671 926 715 perperam
955 659 1121 713 reponit
1149 660 1410 713 ἐγκυκλῆσαι.

964 771 1062 815 vlt.

410 887 641 930 Probanda
680 893 741 928 est
780 886 969 941 ejusdem
997 888 1202 928 sententia
1245 888 1412 943 Eurz‘p.
1439 886 1685 932 phoeniss.

355 978 417 1008 vs.
452 965 563 1009 1370
589 970 797 1018 tanquam
831 961 1022 1016 spurium
1049 973 1134 1001 esse
1165 960 1437 1016 ejiciendum.

962 1074 1083 1117 VIII.

416 1193 569 1234 Merito
606 1191 719 1231 idem
759 1189 1125 1231 VALCKENAERIUS
1170 1187 1298 1229 verba
1335 1202 1448 1244 quae
1493 1189 1692 1244 leguntur

362 1267 530 1312 Herod.
577 1264 670 1306 Lib.
700 1263 779 1306 VI.
814 1263 894 1304 122
944 1276 1025 1317 pro
1053 1262 1203 1318 spuriis
1230 1263 1401 1317 habuit3
1433 1277 1521 1305 uno
1549 1270 1692 1305 autem

361 1349 510 1383 tenore
545 1339 604 1380 sic
633 1337 857 1393 legendum
883 1336 1072 1379 videtur:
1108 1340 1250 1379 πάντα
1272 1340 1526 1395 ἐμηχανᾶτο,
1559 1339 1628 1381 καὶ
1654 1338 1695 1380 οἱ

361 1413 694 1471 Ἀλκμαιονίδαι
722 1411 813 1455 κτλ.

991 1526 1064 1567 ΙΧ.

422 1646 705 1702 Expungatur
733 1653 874 1681 versus
900 1638 988 1681 206
1020 1640 1206 1683 Homeri
1232 1641 1377 1684 Iliad.
1411 1640 1466 1683 11.

1004 1754 1056 1796 X.

423 1873 475 1917 In
503 1873 670 1915 Plauti
693 1868 886 1911 Asinar.
917 1867 952 1909 Ῑ.
985 1867 1024 1908 l.
1054 1869 1112 1913 87

531 1947 743 1990 Jubeasne
765 1958 852 1985 una
883 1956 1014 1997 opera
1041 1956 1109 1983 me
1133 1943 1290 1998 piscari
1318 1944 1361 1985 in
1385 1948 1506 1995 aeire‘,

533 2018 691 2066 Venari
720 2023 862 2059 autem
887 2024 983 2060 rete
1005 2016 1157 2073 jaculo
1187 2018 1328 2060 medio
1354 2019 1398 2061 in
1423 2020 1545 2062 mari.

426 2109 510 2153 pro
539 2100 635 2136 rete
666 2092 937 2136 scribendum
963 2099 1071 2136 cete.

997 2208 1072 2250 XI.

432 2327 730 2379 Quaecunque
770 2321 821 2365 A.
856 2322 1012 2365 Gellius
1041 2319 1135 2366 Lib.
1163 2320 1260 2364 XII.
1300 2336 1339 2364 c.
1374 2321 1439 2363 ll.
1482 2319 1537 2361 de
1578 2321 1705 2362 Pere-

374 2399 497 2457 grino
520 2398 677 2440 Proteo
700 2397 814 2439 bona
841 2411 894 2439 ac
921 2398 1148 2453 praeclara
1173 2395 1423 2452 praedicat,
1456 2409 1543 2435 non
1570 2395 1703 2435 refra-

372 2480 529 2532 gantur
556 2474 630 2524 iis,
664 2486 778 2529 quae
805 2487 829 2514 a
858 2474 1049 2515 Luciano
1086 2471 1139 2513 de
1165 2470 1316 2513 eodem
1344 2470 1587 2514 traduntur.
