1920 3361
747 265 942 311 ...9..

183 391 321 435 Mart.
354 391 386 432 1.
420 389 461 433 2.
509 388 615 430 Pisc.
652 391 717 431 11.
753 391 903 432 Herm.
938 388 1002 430 18.
1046 386 1152 428 Gall.
1186 387 1250 427 l!.
1297 387 1378 428 Bis
1406 384 1509 430 Aeo.

184 470 255 510 31.
289 465 388 507 alib.
421 464 483 508 Cf.
514 464 740 506 Politian.
773 463 949 506 Mssa-el.
982 462 1085 517 Cap.
1113 461 1169 502 54
1195 468 1236 502 et
1263 464 1425 520 Menag.
1458 463 1514 504 ad

182 543 320 597 Dz'oq.
352 542 504 581 Lae'rl.
540 539 595 580 ΙΙ.
626 540 754 588 208,
791 554 899 596 quos
925 538 1072 579 laudat
1093 538 1285 581 Solanus.
1317 541 1414 581 Mox
1434 553 1514 596 pro

183 618 378 671 σωρείτην
402 617 443 656 in
480 615 595 657 Gorl.
627 616 829 671 scriptum
861 618 1046 670 σωρίτην.

242 691 280 748 §.
308 691 379 733 24.
412 694 501 744 τὴν
532 691 850 743 ἀπολογίαν,
885 695 1100 744 ’ὕστερον
1128 690 1511 733 ἐπιλαθέσθαι.

181 767 248 809 lta
274 767 486 823 distinguo
507 781 605 808 curn
633 767 741 808 Edd.
759 768 863 810 Alcl.
887 768 902 807 1
923 773 963 806 et
995 767 1022 807 2
1048 772 1088 805 et
1120 766 1258 821 Hag.;
1288 778 1514 820 perperam

183 843 396 891 Restzius,
431 857 557 898 quern
573 844 681 883 male
697 843 827 883 secuti
852 848 946 882 sunt
962 842 1169 890 editores,
1201 855 1251 882 ex
1276 841 1383 882 Edd.
1401 841 1512 884 Bas.

187 920 205 961 l
238 925 279 960 et
305 920 332 960 3
365 925 460 973 post
492 922 660 973 iionQOv
687 918 888 960 distinxit.
949 918 1079 959 Ratio
1107 923 1248 958 autem
1270 931 1358 958 non
1381 917 1514 958 modo

183 1008 234 1035 ex
275 995 479 1035 sententia
518 994 780 1043 derivanda,
827 994 900 1034 sed
938 994 1027 1050 ipsa
1073 1007 1251 1049 quoque
1294 993 1519 1035 Gramma-

183 1071 268 1112 tica
297 1072 520 1126 perspicue
548 1069 723 1111 indicat.
796 1069 876 1111 Ubi
911 1070 1020 1110 enim
1055 1076 1150 1125 post
1178 1073 1288 1118 ὅπως
1319 1073 1373 1123 μὴ
1408 1083 1515 1111 con-

176 1146 361 1202 junctiv.
407 1146 638 1201 praesentis
674 1146 886 1200 sequitur,
931 1145 984 1186 de
1026 1160 1071 1186 re
1117 1146 1330 1200 praesenti
1373 1159 1512 1186 sermo

182 1228 270 1269 est,
305 1221 458 1276 quodsi
483 1234 584 1261 vero
609 1235 704 1263 voc,
732 1226 900 1275 ’ὔστερον
926 1221 981 1262 ad
1006 1221 1180 1262 verbum
1209 1222 1319 1276 ἔχειν
1342 1221 1516 1270 referas,

181 1296 359 1338 indicat.
392 1297 524 1337 futuri
557 1298 619 1338 vel
655 1297 920 1353 conjunctiv.
961 1297 1102 1338 aoristi
1140 1297 1388 1352 requiritur.
1450 1298 1519 1339 Si-

184 1374 339 1413 militer
371 1373 391 1429 §
421 1373 492 1415 26.
532 1379 676 1416 Ταῦτά
701 1390 762 1415 σοι
791 1375 874 1414 ἀπὸ
895 1371 1063 1414 πολλῶν
1092 1372 1215 1424 ὀλίγα
1242 1374 1513 1429 παρεθέμην,

185 1454 295 1501 ὅπως
317 1456 456 1506 μάθῃς
481 1450 567 1492 οἷον
590 1450 728 1505 ἄνδρα
746 1448 999 1503 παραλιπὼν
1028 1447 1116 1490 κτλ.
1149 1448 1194 1488 id
1221 1456 1280 1490 est
1307 1456 1358 1490 ut
1376 1450 1517 1505 (nunc

185 1527 309 1581 scil.)
340 1540 592 1582 cognoscas
607 1541 624 1576 ;
658 1525 811 1581 quodsi
839 1525 1064 1580 scripsisset
1088 1527 1199 1573 ὅπως
1224 1530 1397 1579 μάθοις,
1431 1525 1516 1567 hoc

187 1602 376 1644 dixisset:
410 1602 520 1642 llaec
557 1602 699 1642 attala·
728 1607 778 1641 ut
804 1601 885 1642 z'llo
916 1607 1140 1658 tempore,
1175 1606 1257 1642 aut
1284 1605 1333 1642 z‘n
1357 1609 1518 1658 poste-

188 1694 318 1730 rum,
352 1692 662 1734 eoqnoscereS.
722 1678 781 1718 De
813 1677 894 1719 hac
919 1677 1238 1718 constructione
1263 1683 1375 1732 part.
1406 1679 1518 1726 ὅπως

186 1761 229 1796 et
251 1757 361 1804 ὅπως
389 1759 441 1808 μή
471 1753 557 1796 vid.
592 1755 754 1795 Dawes.
786 1753 960 1795 Mz'scel.
996 1755 1109 1796 Crc‘t.
1150 1768 1194 1809 p.
1218 1753 1317 1796 227.
1388 1753 1517 1794 Hein-

189 1830 301 1872 dorf.
335 1829 392 1871 ad
420 1830 555 1871 stlat.
581 1830 820 1871 Phaedon.
852 1844 896 1884 p.
924 1829 993 1871 44.
1029 1830 1085 1871 ad
1113 1831 1314 1885 Protag.
1351 1844 1394 1885 p.
1419 1830 1518 1873 476.

187 1907 330 1948 Herm.
351 1906 406 1947 ad
427 1907 573 1962 Vz'ger.
601 1921 646 1961 p.
673 1906 768 1950 789.
802 1906 988 1962 Elmslej.
1018 1906 1074 1947 ad
1101 1906 1238 1962 Soph.
1274 1906 1383 1950 Oed.
1414 1907 1516 1962 Tyr.

187 1995 249 2024 vs,
280 1983 401 2025 1075.
428 1982 666 2023 Bernhard.
704 1982 836 2037 Synt.
868 1981 939 2024 Gr.
972 1996 1015 2036 p.
1032 1982 1117 2024 402
1142 1995 1206 2036 sq.
1242 1981 1348 2024 Cod.
1378 1982 1517 2027 Oxon.

188 2072 285 2101 voc.
314 2061 482 2115 ’ὕστερον
507 2058 678 2101 omittit.

246 2140 533 2191 πράγματι.
606 2135 789 2176 Solanus
830 2133 1078 2189 conjecerat
1115 2139 1350 2190 πράγμασι,
1397 2136 1520 2191 quod

190 2225 268 2268 per
293 2211 595 2267 compendium
620 2211 679 2252 sic
708 2212 912 2267 scriptum
941 2203 1110 2267 πραγῇ,
1142 2213 1186 2253 in
1206 2212 1343 2254 Oxon.
1371 2219 1522 2268 postea

188 2302 233 2329 se
259 2288 460 2343 reperisse
482 2293 674 2329 testatur.
737 2289 967 2344 Vulgatam
999 2288 1266 2329 Lehmannus
1291 2290 1519 2345 praetulit,

192 2379 324 2421 quam
349 2364 653 2420 interpretatur
675 2368 870 2406 convivii
895 2365 1123 2421 nuptialis
1152 2368 1519 2422 apparitionem,

191 2454 280 2481 rem
321 2446 485 2496 gratam
525 2440 761 2481 admodum
805 2448 845 2482 et
884 2442 1064 2494 laetam3
1123 2441 1350 2483 discrimen
1388 2455 1519 2491 vero,

194 2515 317 2570 quod
357 2515 502 2571 fingit,
556 2522 602 2557 ut
643 2517 755 2572 plur.
797 2522 1020 2572 πράγματα
1068 2516 1224 2559 habeat
1270 2517 1523 2574 adjunctam

193 2591 412 2632 notionem
438 2592 747 2642 molestiarum,
781 2607 1106 2643 aerumnarum,
1152 2593 1525 2636 incommodorum

196 2680 250 2707 ac
281 2666 502 2717 laborum,
549 2669 663 2710 velut
703 2669 746 2710 in
784 2668 1002 2710 celebrato
1039 2670 1138 2720 illo,
1187 2669 1309 2725 quod
1350 2668 1451 2709 mihi
1482 2669 1528 2711 in

196 2749 382 2786 mentem
410 2745 543 2796 venit,
586 2745 758 2800 Epicuri
793 2745 919 2789 effato
958 2746 1075 2802 apud
1101 2747 1241 2803 Πίος.
1275 2746 1430 2788 laert.
1471 2744 1523 2787 X.
