1920 3361
786 297 982 338 ...3.-

211 421 327 462 varia
372 431 452 476 pro
490 419 661 461 diversis
704 419 942 461 orationum
972 419 1116 460 formis
1150 433 1201 460 ac
1247 420 1380 461 verbis
1415 427 1538 476 apta-

213 501 282 537 tur
322 503 533 552 potestas,
569 502 729 537 rectam
765 495 856 550 ejus
889 495 1106 536 notionem
1144 498 1347 551 consequi
1374 512 1462 538 non
1487 499 1536 538 li-

212 579 303 622 cet,
339 573 415 613 nisi
452 572 658 613 interioris
690 571 874 627 cujusvis
918 572 1147 612 sententiae
1187 586 1370 613 recessus
1407 588 1538 615 excu-

212 650 385 691 tiantur.
445 649 644 697 Constat,
678 648 750 689 ubi
774 647 901 688 animi
929 648 1157 702 propensio
1186 649 1427 704 agendique
1453 657 1539 691 stu-

210 723 330 765 dium
355 724 622 773 declaratur,
656 724 787 778 φέρων
805 722 1044 779 significare
1072 724 1218 772 ultro,
1252 726 1412 766 dedita
1432 741 1536 782 ope·

210 816 291 850 ra,
326 801 384 841 ita
411 807 456 841 ut
490 813 800 854 nonnunquam
844 811 921 853 per
963 802 1063 851 μετὰ
1102 800 1281 853 σπουδῆς
1319 803 1387 841 καὶ
1415 806 1537 857 ὁρμῆς

207 877 420 932 explicare
459 876 608 924 liceat,
643 888 730 930 qua
770 874 856 914 fere
895 874 1070 914 notione
1107 874 1149 916 h.
1178 876 1205 917 l.
1235 877 1535 932 accipiendum

207 966 292 992 esse
344 951 552 1001 arbitror,
601 956 646 991 ut
696 949 901 990 sententia
948 948 1054 990 haec
1104 950 1181 992 sit:
1236 955 1405 1009 quippe
1453 958 1536 1010 qai

205 1029 362 1069 multis
388 1029 593 1084 quotidie
619 1025 852 1066 molestias
869 1025 1217 1080 facessentibus
1234 1059 1243 1077 ‚
1277 1029 1465 1070 multam
1493 1037 1536 1072 te

203 1105 450 1146 de‘tc'ore‘bus
466 1136 475 1154 ‚
509 1117 746 1159 nunquam
767 1107 917 1142 lamen
944 1102 1065 1143 ultro
1094 1119 1159 1144 me
1185 1104 1282 1144 c'lle's
1300 1107 1500 1147 declerc'm
1515 1123 1534 1159 ,-

205 1180 288 1221 hoc
318 1186 457 1220 autem
488 1178 728 1232 significare
758 1175 925 1216 videtur
953 1177 1120 1217 Stoicus
1141 1209 1150 1225 ‚
1183 1193 1271 1220 non
1298 1194 1385 1221 sese
1406 1182 1534 1223 disci-

202 1256 312 1311 pulis
350 1255 550 1296 divitibus
588 1267 630 1294 se
670 1251 923 1301 obtrudere,
957 1252 1079 1308 cujus
1108 1254 1167 1293 rei
1197 1255 1308 1297 illius
1335 1259 1537 1313 temporis

200 1331 447 1389 philosophi
490 1330 682 1372 accusari
725 1329 943 1377 solebant,
994 1329 1067 1370 sed
1112 1344 1198 1371 non
1249 1332 1336 1373 sine
1376 1347 1532 1390 magna

202 1410 481 1451 reluctatione
511 1405 785 1449 invitantibus
825 1405 1018 1461 obsequi.
1081 1406 1167 1447 Nec
1209 1408 1346 1449 minus
1383 1413 1534 1466 exqui-

200 1483 276 1523 site
303 1482 478 1523 verbum
525 1481 709 1538 ἐνοχλεῖν
736 1482 868 1522 Stoici
911 1482 1082 1522 stultam
1126 1485 1412 1539 arrogantiam
1461 1501 1533 1527 ex-

200 1558 375 1613 primit,
420 1559 489 1599 cui
526 1565 698 1600 venuste
737 1557 966 1612 respondet
997 1559 1145 1612 φέρων.
1206 1559 1273 1600 Ad
1301 1559 1415 1602 hunc
1447 1563 1532 1604 sin-

200 1635 390 1690 gularem
423 1634 508 1675 loci
534 1635 724 1689 leporem
755 1647 843 1675 non
883 1633 1156 1674 attenderunt
1190 1635 1320 1690 Intpp
1352 1668 1361 1685 ‚
1395 1639 1530 1692 φέρων

197 1709 305 1751 illud
345 1724 518 1766 prorsus
554 1710 826 1766 negligentes.
900 1708 964 1750 Cf.
1008 1709 1214 1765 Necyom.
1247 1711 1276 1752 8
1323 1712 1429 1755 Tim.
1455 1716 1525 1758 22.

201 1787 402 1829 Her-mot.
433 1787 512 1838 523
545 1787 666 1841 plura
697 1785 859 1826 indices
889 1783 1069 1826 dabunt.
1128 1785 1226 1825 Post
1257 1787 1526 1830 Hemsterhu-

196 1863 304 1905 sium
345 1863 389 1903 in
429 1862 685 1918 explicando
724 1861 809 1902 hoc
848 1860 1290 1917 pseudopleonasmO,
1325 1871 1371 1905 ut
1397 1880 1526 1908 voca-

197 1945 289 1989 tur,
323 1938 475 1979 versati
502 1945 597 1980 sunt
636 1938 846 1982 Valcken.
888 1936 944 1978 ad
970 1937 1144 1979 Phoen.
1172 1938 1272 1980 260.
1334 1941 1524 1998 Hoogev.

196 2021 237 2056 et
272 2015 498 2057 Hermann.
534 2014 590 2056 ad
636 2015 781 2072 ἧξεν.
822 2030 864 2069 ρ.
896 2014 980 2056 352
1017 2019 1057 2054 et
1097 2015 1194 2057 776.
1255 2017 1426 2062 Jacobs.
1468 2020 1524 2060 ad

195 2090 364 2132 Ackz'll.
395 2091 493 2134 Tat.
524 2105 569 2147 p.
599 2091 698 2135 431.
759 2090 981 2146 Wyttenb.
1016 2089 1072 2131 ad
1103 2090 1230 2133 Plat.
1257 2094 1312 2134 de
1343 2096 1519 2138 educat.

188 2182 324 2223 puer.
355 2181 398 2223 p.
424 2167 465 2210 4.
483 2167 532 2210 Β.
592 2167 651 2208 De
677 2169 768 2210 aliis
799 2168 925 2225 hujus
948 2168 1110 2223 generis
1133 2168 1286 2222 partic.
1305 2201 1315 2218 ,
1350 2177 1395 2210 ut
1426 2179 1521 2213 sunt

195 2246 326 2300 ἔχων,
356 2248 471 2296 ἄγων
497 2250 538 2284 et
573 2244 690 2285 simil.
712 2277 721 2293 ,
755 2244 934 2300 perinde
976 2245 1212 2299 usurpatis:
1259 2246 1423 2301 Taylor,
1461 2249 1518 2290 ad

194 2318 393 2361 Aesclu'n
420 2322 470 2361 z'n
506 2319 626 2362 Ctes.
655 2335 700 2375 p.
725 2321 824 2364 474.
886 2320 1094 2364 Valcken.
1127 2320 1181 2361 ad
1214 2320 1389 2364 Phoen.
1419 2324 1518 2366 481.

195 2395 364 2437 Schaef.
408 2396 464 2437 ad
498 2396 711 2453 Sophocl.
754 2397 864 2439 Oecl.
906 2398 1005 2453 Tyr.
1046 2397 1144 2440 741.
1218 2398 1430 2440 Χνείειιίυε
1465 2402 1521 2442 de

195 2472 667 2529 Pseudo-pleonasmo
717 2473 796 2515 Gr.
835 2488 880 2529 p.
922 2475 1014 2516 125.
1046 2488 1111 2529 sq.
1155 2473 1303 2516 Matth.
1343 2475 1413 2517 Gr.
1446 2477 1518 2517 Gr.

194 2549 216 2605 §
245 2550 344 2592 557.
366 2550 533 2591 ——Mox
558 2564 639 2606 pro
654 2554 776 2604 μόνο,ἱ
793 2549 901 2593 Cod.
933 2550 1050 2592 Gorl.
1080 2556 1120 2591 et
1149 2549 1227 2590 Ed.
1259 2549 1370 2593 Flor.
1392 2566 1518 2608 prae·

189 2625 291 2667 hent
322 2630 463 2680 μόνον.

253 2705 309 2745 ἐν
350 2707 609 2753 γειτόνων
653 2702 823 2743 Belinus
852 2716 900 2743 ex
942 2701 1049 2744 cod.
1085 2701 1185 2746 Par.
1226 2703 1338 2745 2955
1369 2703 1518 2744 rescri-

192 2776 380 2819 bendum
409 2781 575 2835 putavit
621 2783 662 2821 ἐκ
705 2784 928 2831 γειτόνων,
959 2778 1079 2835 quod
1108 2778 1375 2821 vehementer
1404 2778 1516 2821 Leh-

1202 2855 1220 2894 1
1240 2860 1260 2881 n
