1920 3361
714 261 941 302 -11-

163 385 232 425 τοῦ
268 383 476 437 κηρύκειος
506 383 627 423 τόνον
667 380 857 434 ἐφύλαξε.
930 381 976 421 τὸ
1004 377 1250 420 ὠκυτόκειον
1280 379 1350 419 καὶ
1377 377 1490 420 ἄλλα

160 463 343 500 σύνθετα
358 457 716 511 προπαροξύνεται
734 489 744 505 ,
778 458 847 497 καὶ
875 458 926 497 τὰ
942 457 1114 509 κτητικὰ
1139 454 1274 508 ὥσπερ
1302 457 1353 496 τὰ
1373 456 1491 509 οἷρσε·

160 536 255 575 νικὰ
273 565 284 584 ,
308 531 585 587 “Ηράκλειον,
618 534 863 582 Ἀι’άκειον,
897 534 1171 584 Διοςκόρειον.
1190 533 1233 572 τὸ
1263 530 1306 571 δέ
1333 530 1492 583 (Ηφαι-

161 613 295 650 στεῖον
336 613 695 662 προπερισπᾶται,
739 611 807 649 καὶ
842 611 884 649 τὸ
917 610 1252 661 Κορυβαντεῖον,
1285 610 1381 654 ναὸς
1410 610 1494 649 τῶν

161 685 459 738 Κορυβάντων.
519 684 569 724 In
604 690 806 724 accentus
836 689 976 724 autem
998 681 1240 737 hujusmodi
1272 682 1491 723 nominum

161 772 192 813 p
223 757 371 798 sitione
407 771 562 814 magna
591 766 651 800 est
680 758 1066 800 Grammaticorum
1103 757 1329 808 dissensio,
1379 757 1494 798 unde

162 834 325 874 factum
344 833 536 884 videtur,
567 841 613 875 ut
642 835 802 875 librarii
831 847 1097 888 summopere
1123 834 1287 875 variare
1315 833 1494 876 soleant.

161 905 228 947 Ab
249 907 557 950 Hemsterhusio
583 909 627 951 in
652 914 744 951 not.
771 908 828 949 ad
852 909 959 951 Tim.
979 909 1032 952 10
1051 942 1060 960 ,
1095 910 1270 950 omnino
1300 908 1357 949 ad
1380 907 1494 949 hunc

162 988 305 1027 locum
354 984 625 1034 adhibenda,
673 991 879 1041 perpetuo
911 985 1114 1040 scriptum
1142 991 1204 1026 est
1245 985 1492 1028 Ἀνακεῖον.

162 1060 294 1103 Multa
324 1059 487 1101 disserit
516 1061 706 1103 Lobeck.
738 1061 795 1102 ad
821 1062 1001 1118 Phr-yn.
1032 1076 1077 1117 p.
1096 1060 1181 1105 367
1210 1074 1307 1115 sqq.
1340 1058 1392 1098 de
1416 1057 1495 1098 hac

161 1138 370 1193 scriptura
391 1169 401 1187 ‚
435 1149 514 1176 nec
553 1141 694 1177 tamen
725 1136 865 1186 litem,
900 1151 988 1177 non
1019 1134 1145 1175 facile
1186 1146 1286 1173 sane
1315 1145 1494 1186 compo-

162 1213 374 1262 nendam,
424 1211 597 1252 dirimit.
671 1210 732 1253 Cf.
763 1210 963 1267 Ejusdem
1000 1210 1093 1255 Viri
1124 1209 1355 1252 doctissimi
1396 1210 1496 1252 Pa-

163 1289 304 1345 ralc'p.
341 1287 421 1329 Gr.
459 1287 536 1328 Gr.
571 1301 615 1342 p.
641 1288 719 1328 321
752 1301 849 1342 sqq.

223 1365 243 1421 §
291 1366 362 1407 25.
419 1363 673 1418 παρέλαβεν.
746 1361 960 1417 Scriptum
1007 1362 1050 1402 in
1095 1359 1234 1404 Oxon.
1282 1360 1492 1416 παρελλα,

166 1455 256 1496 quo
288 1438 547 1494 compendio
587 1438 817 1493 significari
848 1437 1113 1495 παρέλλαβεν
1143 1438 1227 1478 sive
1256 1437 1496 1494 παρέλαβεν

166 1515 314 1556 docuit
346 1514 510 1555 Bastius
539 1511 784 1553 Commeat.
816 1512 1068 1569 Palaeogr.
1103 1528 1146 1568 p.
1170 1513 1270 1556 786.

222 1596 247 1645 ἦ
275 1591 416 1632 λάθετ’
445 1591 667 1644 ἤ-θυμῷ.
716 1588 844 1630 IIom.
872 1589 1015 1629 Iliad.
1045 1587 1119 1628 IX.
1150 1588 1234 1628 529
1262 1600 1360 1641 sqq.
1395 1584 1494 1627 Vid.

174 1665 383 1706 Pausan.
416 1663 613 1704 Messen.
642 1676 688 1717 p.
720 1664 819 1706 357.
886 1664 1016 1706 ΟυιίΙ.
1042 1664 1227 1704 Melam.
1253 1660 1371 1705 Vlll.
1397 1661 1498 1704 273.

169 1739 345 1780 Lucian.
361 1737 404 1778 in
431 1737 500 1778 De
518 1737 693 1793 Sacris.
715 1740 752 1780 l.
770 1753 918 1780 eorum
941 1738 1082 1779 ridens
1103 1735 1376 1777 stoliditatem
1395 1766 1404 1783 ,
1425 1733 1500 1789 qui

167 1813 354 1868 gaudere
378 1812 481 1853 deos
510 1811 810 1862 adulantibus,
843 1820 916 1854 aut
946 1812 1159 1868 indignari
1190 1808 1502 1866 negligentibus

169 1887 429 1942 opinentur,
470 1886 631 1927 Dianae
665 1887 747 1927 iras
783 1887 1041 1942 perridicule
1078 1886 1286 1942 παρῳδεῖς
1330 1885 1399 1925 καί
1433 1899 1503 1936 μοι

174 1961 280 2004 δοκῶ
322 1965 449 2016 όρᾷν,
483 1961 647 2016 inquit,
695 1963 825 2016 αὐτὴν
855 1966 899 2006 ἐν
939 1966 997 2017 τῷ
1023 1962 1186 2016 οὐρανῷ
1228 1962 1319 2001 τότε
1344 1962 1502 2013 μόνην,

173 2040 258 2078 τῶν
287 2035 429 2078 ἄλλων
457 2039 569 2077 θεῶν
599 2038 639 2083 ἐς
656 2037 808 2086 Οἰνέως
833 2037 1149 2092 πεπορευμένων
1167 2068 1179 2087 ,
1213 2034 1330 2076 δεινὰ
1357 2037 1505 2076 ποιοῦ-

171 2127 275 2162 σαν,
331 2113 400 2152 καὶ
438 2107 787 2166 σχετλιάζουσαν,
835 2115 926 2161 οἵας
969 2116 1110 2167 ἑορτῆς
1148 2107 1505 2160 ἀπολειφθήσεται

172 2186 296 2225 Hunc
336 2183 492 2224 librum
537 2183 773 2226 Lucianum
815 2192 1037 2227 auctorem
1077 2199 1165 2226 non
1206 2183 1362 2224 habere
1404 2196 1503 2223 cum

174 2258 375 2300 Jacobsio
401 2258 445 2300 in
480 2258 598 2302 Pors.
629 2260 774 2304 Αιίυυ.
804 2275 848 2317 p.
878 2261 977 2304 290.
1016 2261 1215 2318 equidem
1247 2257 1507 2300 contendere

174 2348 262 2375 non
290 2333 438 2376 ausim.

233 2408 504 2451 Καλυδὼν
534 2411 631 2463 μὲν
662 2410 751 2464 ἣδε
782 2416 911 2462 γαῖα
942 2409 1036 2458 κτλ.
1107 2410 1215 2451 Sunt
1244 2424 1386 2453 versus
1420 2411 1508 2452 Eu-

174 2482 320 2538 ripidis
364 2496 414 2523 ex
453 2482 574 2523 initio
615 2482 789 2540 Prologi
833 2484 1044 2540 deperditi
1072 2485 1300 2536 dramatis,
1334 2487 1402 2527 cui
1428 2500 1510 2526 no·

177 2571 273 2598 men
305 2563 396 2598 erat
428 2557 653 2612 Meleagro.
712 2559 866 2600 Totum
896 2560 1181 2616 fragmentum
1208 2561 1268 2602 sic
1303 2560 1509 2616 scriptum

180 2637 241 2672 est
269 2631 310 2674 in
341 2632 637 2677 Valckenaerii
666 2635 869 2679 Dc'atrz'b.
902 2649 945 2690 p.
975 2635 1069 2679 137.
