1920 3361
984 203 1212 245 „10-

431 324 540 366 139:
567 325 627 366 Τὸ
653 325 856 378 μακάριον
888 323 960 364 καὶ
1000 326 1225 378 ἄφθαρτον
1263 326 1354 367 οὔτε
1393 322 1493 366 αὐτὸ
1527 328 1750 379 πράγματα

427 401 538 456 ἔχει,
583 402 674 442 οὔτε
712 397 829 452 ἄλλῳ
869 397 1069 453 παρέχει·
1101 404 1272 453 πρᾶγμα
1310 405 1453 441 autem
1485 399 1570 440 dici
1611 398 1665 440 de
1707 413 1754 440 re

424 474 635 531 graviori,
669 473 714 514 id
744 487 832 514 non
859 486 1024 528 semper
1050 473 1229 517 obtinet.
1261 475 1413 517 Similis
1427 474 1638 531 praesenti
1653 475 1753 515 loco

425 557 486 592 est
515 551 628 593 Plut.
659 549 801 592 Amat.
832 564 877 605 p.
912 549 1008 592 749.
1040 550 1085 592 F.
1119 551 1236 593 οἴκου
1274 553 1344 593 καὶ
1383 557 1514 606 γάμου
1541 553 1611 594 καὶ
1644 568 1753 606 πρα-

428 633 596 682 γμάτων
638 627 830 681 μεγάλων
862 628 1173 682 ἀποστεροῦντα
1211 629 1284 670 τὸν
1322 627 1458 681 φίλον.
1530 628 1618 669 Nec
1654 641 1754 668 raro

422 709 650 760 πράγματα
676 708 800 744 notat
830 702 1053 757 imperium
1078 717 1130 744 ac
1158 704 1417 759 potentiam,
1451 710 1492 745 et
1519 704 1756 758 saepissime

424 782 485 822 rei
511 780 631 836 publ.
660 779 1092 833 administrationem3
1123 780 1247 837 cujus
1273 794 1371 821 usus
1394 780 1527 821 multa
1564 779 1755 835 exempla

425 858 682 913 colligerunt
709 855 859 899 Baehr.
877 856 935 897 ad
962 857 1090 899 Plut.
1129 857 1210 900 Vc't.
1240 858 1387 901 Flam.
1417 870 1462 912 p.
1489 857 1583 900 119.
1615 856 1753 897 Krue-

423 948 512 991 ger.
538 933 595 974 ad
621 933 819 988 Dionys.
849 946 894 988 p.
921 933 1020 976 269.

482 1011 894 1066 προσηγόρευσα.
955 1009 1025 1051 Sic
1053 1009 1097 1050 in
1126 1007 1257 1050 codd.
1283 1008 1422 1049 Oxon.
1451 1006 1548 1048 Par.
1575 1007 1687 1049 2955
1711 1011 1752 1047 et

423 1087 539 1128 Gorl.
567 1098 648 1141 pro
679 1084 793 1140 vulg.
824 1090 1147 1141 προσηγόρευκα.
1206 1085 1267 1125 De
1292 1082 1555 1139 philosophis
1582 1088 1755 1138 sportu-

422 1163 489 1204 lae
520 1176 648 1204 causa
674 1160 810 1206 ἕωθεν
842 1164 918 1215 μὲν
957 1164 1002 1204 ἐν
1040 1163 1271 1215 ἀσπασμοῖς
1312 1159 1594 1215 διατρίβουσιν
1619 1183 1670 1189 -
1698 1161 1755 1208 εἷς

423 1239 603 1293 ἑσπέραν
640 1237 683 1279 δὲ
714 1237 1042 1291 ἐμπιπλαμένοις
1068 1240 1138 1279 καὶ
1162 1237 1485 1291 μεθυσκομένοις
1509 1236 1642 1276 multa
1668 1233 1756 1275 dis·

423 1319 547 1369 putat
576 1311 910 1354 Hemsterhusius
936 1313 991 1354 ad
1020 1313 1129 1354 Luc.
1157 1312 1346 1370 Nigri-n.
1376 1312 1446 1353 22.

483 1390 570 1431 ἐπὶ
605 1394 693 1444 τῇς
734 1390 930 1438 οἰκίας.
982 1389 1174 1431 Reitzius
1210 1387 1359 1429 maluit
1387 1401 1438 1429 ex
1473 1386 1579 1429 Cod.
1612 1386 1753 1430 Oxon.

423 1467 493 1508 ἐπὶ
538 1470 590 1520 τῇ
629 1466 740 1518 οἰκίᾳ
771 1465 925 1515 scribi,
971 1466 1041 1507 cui
1079 1479 1174 1507 earn
1220 1463 1277 1505 ob
1318 1477 1488 1504 causam
1529 1464 1755 1504 assentitur

421 1540 616 1589 Befinus,
650 1540 770 1596 quod
799 1541 855 1582 ad
880 1542 1184 1598 explicandum
1218 1540 1332 1581 hunc
1358 1540 1586 1594 genitivum
1617 1538 1754 1594 ellipsi

423 1631 533 1672 opus
571 1630 658 1657 esse
687 1617 868 1671 putabat
908 1618 1026 1660 vocis
1047 1618 1182 1673 οὐδῷ,
1213 1616 1369 1657 merito
1411 1614 1689 1670 reprehensus
1727 1628 1752 1655 a

420 1692 670 1734 Lehmanno
706 1693 821 1748 vulg.
862 1693 1090 1736 lectionem
1139 1691 1410 1735 defendente.
1439 1691 1556 1734 Gorl.
1588 1696 1628 1732 et
1664 1690 1753 1732 duo

423 1769 522 1810 Par.
553 1774 629 1822 τῆν
657 1771 794 1812 οἶκίαν
821 1769 1035 1813 exhibent.

480 1846 764 1900 Ἀνακείῳ.
820 1845 1069 1890 86]ιοίιάεὰ
1108 1847 1267 1889 Vossz'z'.
1304 1869 1351 1876 -—
1381 1847 1487 1888 οὕτω
1523 1843 1566 1886 δὲ
1588 1843 1754 1895 λέγεται

421 1921 657 1964 Ἀνάκειον
683 1923 1086 1978 προπαροξυτόνως,
1124 1924 1201 1964 ὅσα
1229 1924 1313 1965 οἷπὸ
1352 1925 1558 1976 κτητικὼν
1597 1920 1753 1973 συμπέ-

421 2015 577 2039 πτωκει
600 2028 614 2050 ,
656 2001 684 2052 ἦ
720 2000 974 2042 ἐπιθετικῶν
1016 2001 1196 2055 ἐχόντων
1227 2002 1301 2052 τὴν
1332 1988 1370 2040 εἶ
1403 1996 1647 2050 δίφθογγον.
1682 1997 1753 2037 καὶ

421 2075 560 2116 ἐκεῖνα
609 2075 984 2129 προπαροξυτόνως
1002 2107 1012 2125 ,
1068 2073 1158 2118 οἷον
1207 2073 1459 2129 “Ηράκλειον
1477 2104 1487 2123 ,
1533 2076 1637 2116 οὕτω
1672 2076 1753 2129 γὰρ

420 2149 669 2205 ςΗροίκλειος
712 2147 860 2199 ἆθλος.
908 2153 1184 2206 Χαρώνειον,
1229 2151 1491 2199 Ἀνάκειον,
1535 2150 1752 2193 Ἀνακτό-

420 2243 556 2281 ρειον,
592 2225 844 2276 Βασίλειον,
885 2229 955 2269 καὶ
986 2226 1267 2271 Μαυσώλειον
1309 2229 1456 2282 ἔργον,
1503 2225 1624 2282 quod
1663 2226 1751 2268 fere

420 2301 463 2343 in
503 2301 699 2342 omnibus
743 2303 958 2344 communi
1003 2302 1096 2344 usui
1133 2302 1389 2358 respondet;
1435 2303 1583 2344 similia
1622 2317 1753 2359 prae-

423 2377 536 2432 cepit
565 2376 735 2418 Arcadii
763 2378 848 2420 MS.
874 2378 991 2434 apud
1016 2379 1206 2420 Bastium
1237 2378 1293 2420 ad
1325 2378 1576 2422 Grammat.
1603 2379 1751 2421 Meer-

421 2469 578 2496 mann.
621 2455 676 2495 de
706 2453 837 2497 Dz'al.
870 2457 1067 2496 donica:
1112 2458 1178 2498 Τὰ
1208 2456 1278 2498 διὰ
1302 2459 1371 2498 τοῦ
1398 2473 1483 2498 ειον
1511 2458 1615 2510 ὑπὲρ
1646 2461 1752 2511 τρεῖς

420 2530 632 2586 συλλαβὰς
672 2534 727 2585 μὴ
756 2531 860 2574 ὄντα
897 2533 965 2573 ἐπὶ
993 2535 1137 2587 μηνῶν
1165 2538 1190 2586 ἦ
1209 2536 1328 2586 κύρια
1355 2535 1746 2586 προπερισπῶνται,

420 2605 537 2647 ἁπλᾶ
556 2609 661 2648 ὄντα
678 2611 705 2661 ἦ
717 2611 1043 2662 παρασϋνθετα,
1076 2614 1310 2664 θωρακεῖον
1332 2640 1342 2658 ,
1374 2607 1648 2657 πανδοκεῖον,
1685 2608 1748 2650 δι-

424 2681 694 2733 δασκαλεῖον,
744 2683 995 2739 βαλανεῖον,
1029 2683 1221 2737 ἐλεγεῖον.
1280 2686 1324 2727 τό
1357 2683 1399 2726 δὲ
1435 2686 1647 2739 κηρύκειον
1677 2686 1748 2728 τόν
