1920 3361
656 648 1000 708 THESES.

721 837 932 857 -—‘——

806 981 844 1024 Ι.

221 1093 384 1150 Injuria
410 1107 433 1136 a
466 1091 724 1151 quibusdam
756 1092 967 1135 Lucianus
1004 1095 1157 1133 auctor
1196 1090 1379 1134 habetur
1416 1092 1498 1134 im-

163 1183 309 1225 purus.

801 1280 861 1322 11.

223 1397 435 1439 Lucianus
460 1403 604 1437 utrum
632 1393 834 1450 prodesse
858 1392 1126 1443 Christianis,
1172 1407 1227 1435 an
1254 1393 1399 1437 obesse
1421 1410 1499 1439 vo-

166 1473 316 1522 luerit,
351 1486 401 1513 ex
429 1472 519 1528 ejus
545 1470 711 1526 scriptis
739 1485 828 1513 non
856 1471 990 1528 liquet
1023 1470 1099 1526 (cf.
1127 1470 1328 1515 Knsmum
1347 1471 1497 1530 Aqap.

163 1564 207 1604 p.
239 1549 336 1592 505.
366 1546 503 1603 sqq.).

790 1661 871 1705 ΙΙΙ.

221 1774 541 1818 Inconsiderate
566 1775 823 1818 Cnnuznnus
848 1776 1106 1831 symposium
1139 1776 1400 1818 Lucianeum
1427 1782 1495 1819 to-

165 1857 253 1894 tum
285 1851 342 1893 ad
365 1849 630 1893 irridendum
656 1850 926 1893 Platonicum
951 1852 1157 1908 scriptum
1181 1865 1267 1893 esse
1293 1851 1454 1894 statuit.

790 1965 868 2011 lv.

221 2080 271 2122 In
298 2078 510 2121 Demosth.
576 2079 706 2123 Orac.
742 2082 798 2123 de
824 2080 942 2122 male
967 2085 1104 2137 gesta
1137 2078 1228 2137 leg.
1276 2079 1297 2137 §
1328 2079 1428 2123 383.
1461 2081 1491 2123 l.

163 2155 234 2197 23.
265 2158 352 2199 Καὶ
378 2161 454 2210 γάρ
474 2172 536 2197 τοι
555 2158 721 2211 πρῶτον
739 2159 815 2211 μὲν
831 2155 1123 2211 Ἀμφίπολιν,
1152 2156 1277 2199 πόλιν
1294 2157 1494 2212 ὑμετέραν

164 2230 317 2286 δούλην
346 2231 564 2284 κατέστησε
583 2264 594 2283 ,
637 2234 689 2285 ἣν
713 2236 803 2275 τότε
833 2236 1043 2288 σύμμαχον
1083 2230 1172 2273 κτλ.
1191 2263 1200 2280 ,
1247 2244 1495 2287 expungen-

163 2303 266 2345 dum
295 2311 355 2345 est
377 2304 529 2346 vocab.
561 2305 713 2361 δούλην
730 2338 740 2356 ,
774 2312 905 2362 atque
922 2306 1042 2347 locus
1065 2305 1124 2347 sic
1147 2304 1396 2347 scribendus
1412 2322 1421 2347 z
1437 2332 1493 2338 —-

164 2380 250 2421 Καὶ
291 2381 369 2434 γὰρ
411 2397 475 2422 τοι
514 2382 681 2437 πρῶτον
722 2382 798 2434 μὲν
834 2379 1088 2435 Αμφίπολιν
1128 2380 1259 2426 πάλιν
1292 2381 1494 2438 ὑμετέραν

163 2453 385 2508 κατέστησε
411 2453 502 2496 κτλ.

802 2568 857 2613 V.

222 2680 399 2737 Egregia
425 2689 485 2724 est
515 2682 762 2726 Semnum
785 2682 1028 2725 emendatio
1061 2685 1231 2727 Herod.
1274 2683 1366 2730 Lib.
1395 2685 1492 2729 VII.

168 2755 235 2799 38.
260 2771 339 2813 pro
360 2763 523 2814 χρήσαις
548 2762 604 2803 ἄν
631 2775 670 2801 τι
696 2762 762 2802 τεῦ
792 2758 966 2814 legentis
986 2764 1134 2816 χρήσας
1158 2764 1215 2805 ἄν
1245 2763 1283 2804 τί
1316 2777 1384 2805 σευ
1400 2761 1488 2804 κτλ.
